<?xml version="1.0" encoding="UTF-8"?><collection xmlns="http://www.loc.gov/MARC21/slim"><record><leader>00529nam--2200181-i-4500</leader><controlfield tag="001">000033368</controlfield><controlfield tag="002">20161230</controlfield><controlfield tag="005">20161230201039</controlfield><controlfield tag="008">060222s1000------------r-----000-0-fre-d</controlfield><datafield ind1=" " ind2=" " tag="040"><subfield code="a">IFIN-HH</subfield></datafield><datafield ind1=" " ind2=" " tag="041"><subfield code="a">fre</subfield></datafield><datafield ind1=" " ind2=" " tag="080"><subfield code="a">539.12.162.8(043)</subfield></datafield><datafield ind1="1" ind2=" " tag="100"><subfield code="a">Montanet, Lucien</subfield></datafield><datafield ind1="1" ind2="0" tag="245"><subfield code="a">Etude experimentale des interactions nucleaires de haute energie dans le rayonnement cosmique</subfield><subfield code="b">These</subfield><subfield code="c">Lucien montanet</subfield></datafield><datafield ind1=" " ind2=" " tag="260"><subfield code="a">Paris</subfield><subfield code="b">Universite</subfield><subfield code="c">1960</subfield></datafield><datafield ind1=" " ind2=" " tag="300"><subfield code="a">131P.+ FIG</subfield></datafield><datafield ind1=" " ind2=" " tag="852"><subfield code="a">78092</subfield><subfield code="c">539.13</subfield></datafield><datafield ind1=" " ind2=" " tag="CAT"><subfield code="a">Sys</subfield><subfield code="c">20120227</subfield><subfield code="h">170147</subfield></datafield></record></collection>